@book{latex,
  title = {LaTeX : A Documentation Preparation System User's Guide and Reference Manual},
  publisher = {Addison-Wesley Professional},
  year = {1994},
  author = {Leslie Lamport}
}

@article{scruggs1994reflections,
	title={Reflections on'Scientific Reasoning of Students with Mild Mental Retardation: Investigating Preconceptions and Conceptual Change'},
	author={Scruggs, Thomas E and Mastropieri, Margo A},
	journal={Exceptionality},
	volume={5},
	number={4},
	pages={249--257},
	year={1994},
	publisher={Taylor \& Francis}
}

@misc{UnityDocs2024,
	title = {Unity Documentation},
	author = {Unity Technologies},
	year = {2024},
	url = {https://docs.unity.com/}
}